<record><leader>00000cas a2200000 i 4500</leader><controlfield tag="001">664615819</controlfield><controlfield tag="006">m     o  d        </controlfield><controlfield tag="006">swr neo     0   a0</controlfield><controlfield tag="007">cr bn|||||||||</controlfield><controlfield tag="008">100508d18901958nmuwr neo     0   a0eng c</controlfield><datafield ind1=" " ind2=" " tag="010"><subfield code="a">  2016271069</subfield></datafield><datafield ind1=" " ind2=" " tag="040"><subfield code="a">HTM</subfield><subfield code="b">eng</subfield><subfield code="e">rda</subfield><subfield code="c">HTM</subfield><subfield code="d">OCLCQ</subfield><subfield code="d">DLC</subfield><subfield code="d">OCLCO</subfield><subfield code="d">OCLCF</subfield><subfield code="d">OCLCO</subfield><subfield code="d">IUL</subfield></datafield><datafield ind1="0" ind2=" " tag="022"><subfield code="a">2472-2820</subfield><subfield code="l">2472-2820</subfield><subfield code="y">2472-2839</subfield><subfield code="2">1</subfield></datafield><datafield ind1=" " ind2=" " tag="041"><subfield code="a">spa</subfield><subfield code="a">eng</subfield></datafield><datafield ind1=" " ind2=" " tag="042"><subfield code="a">pcc</subfield><subfield code="a">nsdp</subfield></datafield><datafield ind1=" " ind2=" " tag="043"><subfield code="a">n-us-nm</subfield></datafield><datafield ind1="1" ind2="0" tag="050"><subfield code="a">ISSN RECORD</subfield></datafield><datafield ind1="1" ind2="0" tag="082"><subfield code="a">071</subfield><subfield code="2">23</subfield></datafield><datafield ind1=" " ind2="3" tag="222"><subfield code="a">El Nuevo mexicano</subfield><subfield code="b">(Online)</subfield></datafield><datafield ind1="0" ind2="3" tag="245"><subfield code="a">El nuevo mexicano.</subfield></datafield><datafield ind1=" " ind2="1" tag="264"><subfield code="a">Santa Fe, Nuevo Mexico :</subfield><subfield code="b">La Compania Impresora del Nuevo Mexicano</subfield></datafield><datafield ind1=" " ind2=" " tag="300"><subfield code="a">1 online resource</subfield></datafield><datafield ind1=" " ind2=" " tag="310"><subfield code="a">Weekly</subfield></datafield><datafield ind1=" " ind2=" " tag="336"><subfield code="a">text</subfield><subfield code="b">txt</subfield><subfield code="2">rdacontent</subfield></datafield><datafield ind1=" " ind2=" " tag="337"><subfield code="a">computer</subfield><subfield code="b">c</subfield><subfield code="2">rdamedia</subfield></datafield><datafield ind1=" " ind2=" " tag="338"><subfield code="a">online resource</subfield><subfield code="b">cr</subfield><subfield code="2">rdacarrier</subfield></datafield><datafield ind1="0" ind2=" " tag="362"><subfield code="a">Tomo 1, nu&#769;m. 1 (agosto 2 de 1890)-tomo 108, nu&#769;m. 17 (abr. 30, 1958).</subfield></datafield><datafield ind1=" " ind2=" " tag="500"><subfield code="a">Issues for &lt;1916-1919&gt; contain a two-page insert: Weekly Santa Fe New Mexican.</subfield></datafield><datafield ind1=" " ind2=" " tag="500"><subfield code="a">Microfilm published by BMI Imaging Systems; issued in series: Chicano serials collection.</subfield></datafield><datafield ind1=" " ind2=" " tag="500"><subfield code="a">Publisher: La Ci&#769;a. Publicista de Nuevo Mexicano, August 2, 1890-; La Compania Impresora del Nuevo Mexicano, &lt;January 6, 1900-September 28, 1922&gt;.</subfield></datafield><datafield ind1=" " ind2=" " tag="546"><subfield code="a">In Spanish and English.</subfield></datafield><datafield ind1=" " ind2=" " tag="580"><subfield code="a">Issued at various times as a section of, or supplement to Santa Fe New Mexican (Santa Fe, N.M. : 1898), New Mexican (Santa Fe, N.M. : 1951) and Espanola Valley news.</subfield></datafield><datafield ind1=" " ind2=" " tag="588"><subfield code="a">Description based on: Tomo 1, num. 3 (agosto 16 de 1890); title from masthead, Readex PDF (viewed July 20, 2016).</subfield></datafield><datafield ind1=" " ind2=" " tag="588"><subfield code="a">Latest issue consulted: Tomo 38, no. 5 (Septiembre 28, 1922) (Chroniclingamerica.loc.gov, viewed May 4, 2016).</subfield></datafield><datafield ind1=" " ind2="0" tag="650"><subfield code="a">Hispanic Americans</subfield><subfield code="z">New Mexico</subfield><subfield code="v">Newspapers.</subfield></datafield><datafield ind1=" " ind2="0" tag="651"><subfield code="a">Santa Fe (N.M.)</subfield><subfield code="v">Newspapers.</subfield></datafield><datafield ind1=" " ind2="0" tag="651"><subfield code="a">Santa Fe County (N.M.)</subfield><subfield code="v">Newspapers.</subfield></datafield><datafield ind1=" " ind2="7" tag="650"><subfield code="a">Hispanic Americans.</subfield><subfield code="2">fast</subfield><subfield code="0">(OCoLC)fst00957523</subfield></datafield><datafield ind1=" " ind2="7" tag="651"><subfield code="a">New Mexico.</subfield><subfield code="2">fast</subfield><subfield code="0">(OCoLC)fst01204269</subfield></datafield><datafield ind1=" " ind2="7" tag="651"><subfield code="a">New Mexico</subfield><subfield code="z">Santa Fe.</subfield><subfield code="2">fast</subfield><subfield code="0">(OCoLC)fst01205208</subfield></datafield><datafield ind1=" " ind2="7" tag="651"><subfield code="a">New Mexico</subfield><subfield code="z">Santa Fe County.</subfield><subfield code="2">fast</subfield><subfield code="0">(OCoLC)fst01216898</subfield></datafield><datafield ind1=" " ind2="7" tag="655"><subfield code="a">Newspapers.</subfield><subfield code="2">fast</subfield><subfield code="0">(OCoLC)fst01423814</subfield></datafield><datafield ind1=" " ind2=" " tag="752"><subfield code="a">United States</subfield><subfield code="b">New Mexico</subfield><subfield code="c">Santa Fe</subfield><subfield code="d">Santa Fe.</subfield></datafield><datafield ind1="0" ind2=" " tag="775"><subfield code="a">Santa Fe New Mexican (Santa Fe, N.M. : 1898)</subfield></datafield><datafield ind1="0" ind2=" " tag="775"><subfield code="a">New Mexican (Santa Fe, N.M. : 1951)</subfield></datafield><datafield ind1="0" ind2=" " tag="775"><subfield code="a">Espanola Valley news</subfield></datafield><datafield ind1="0" ind2="8" tag="776"><subfield code="i">Print version:</subfield><subfield code="t">Nuevo mexicano</subfield><subfield code="x">2472-2820</subfield><subfield code="w">(DLC)sn 94056869</subfield><subfield code="w">(OCoLC)15473618</subfield></datafield><datafield ind1="0" ind2="4" tag="785"><subfield code="t">New Mexican (Santa Fe, N.M. : 1951)</subfield></datafield><datafield ind1="4" ind2="0" tag="856"><subfield code="u">http://infoweb.newsbank.com/?db=EANX&amp;s_browseRef=decades/11DEE5BB2B7ABD3D/all.xml</subfield></datafield><datafield ind1="4" ind2="0" tag="856"><subfield code="u">http://WC2VB5MT8E.search.serialssolutions.com/?sid=sersol&amp;SS_jc=JC_002393785&amp;title=Nuevo+Mexicano</subfield></datafield><datafield ind1="4" ind2="0" tag="856"><subfield code="u">http://www.loc.gov/chroniclingamerica/lccn/sn94056869/issues</subfield></datafield></record>